@article{cameron2015practitioner,
  title={A practitionerâ€™s guide to cluster-robust inference},
  author={Cameron, A Colin and Miller, Douglas L},
  journal={Journal of human resources},
  volume={50},
  number={2},
  pages={317--372},
  year={2015},
  publisher={University of Wisconsin Press}
}